@article{santiago2014google,
  title={Google Drive como ferramenta de produ{\c{c}}{\~a}o de textos em aulas de ingl{\^e}s instrumental},
  author={SANTIAGO, Maria Elizabete Villela and dos SANTOS, Renata},
  journal={Interc{\^a}mbio. Revista do Programa de Estudos P{\'o}s-Graduados em Lingu{\'\i}stica Aplicada e Estudos da Linguagem. ISSN 2237-759X},
  volume={29},
  year={2014}
}

